<?xml version="1.0" encoding="UTF-8"?><record xmlns="http://www.loc.gov/MARC21/slim" xmlns:cinclude="http://apache.org/cocoon/include/1.0" xmlns:zs="http://www.loc.gov/zing/srw/">
  <leader>00417nz  a2200145n  4500</leader>
  <controlfield tag="001">no 97061191 </controlfield>
  <controlfield tag="003">DLC</controlfield>
  <controlfield tag="005">19971021052727.7</controlfield>
  <controlfield tag="008">971020n| acannaab|          |a aaa     c</controlfield>
  <datafield tag="010" ind1=" " ind2=" ">
    <subfield code="a">no 97061191 </subfield>
  </datafield>
  <datafield tag="035" ind1=" " ind2=" ">
    <subfield code="a">(OCoLC)oca04475611 </subfield>
  </datafield>
  <datafield tag="040" ind1=" " ind2=" ">
    <subfield code="a">NbOU</subfield>
    <subfield code="c">NbOU</subfield>
  </datafield>
  <datafield tag="100" ind1="1" ind2="0">
    <subfield code="a">Jinā, Yāsamīn Akmal</subfield>
  </datafield>
  <datafield tag="400" ind1="1" ind2="0">
    <subfield code="a">Jenā, Yāsamīn Akmal</subfield>
  </datafield>
  <datafield tag="670" ind1=" " ind2=" ">
    <subfield code="a">Afsānahh́āyī Nūristānī, 1988:</subfield>
    <subfield code="b">t.p. (Yas̄amīn Akmal Jinā)</subfield>
  </datafield>
</record>